%alphabetical Literatur List
@techreport{Belov.2016,
 author = {Belov, Dmitry I.},
 year = {2016},
 title = {Review of Modern Methods for Automated Test Assembly and Item Pool Analysis},
 editor = {{Law~School~Admissions~Council}},
 type = {Research Report 16-01},
 institution = {Law School Admission Council},
 adress = {},
}

@article{Bertling.2018,
 author = {Bertling, Maria and Weeks, Jonathan P.},
 year = {2018},
 title = {Using Response Time Data to Reduce Testing Time in Cognitive Tests},
 pages = {328--338},
 volume = {30},
 number = {3},
 journal = {Psychological Assessment}
}

@book{Bildungstrend.2015,
 author = {Stanat, Petra and BÃ¶hme, Katrin and Schipolowski, Stefan and Haag, Nicole},
 year = {2016},
 title = {{IQB}-{B}ildungstrend 2015},
 address = {M{\"u}nster, Germany},
 publisher = {Waxmann}
}

@article{Bolsinova.2017,
 author = {Bolsinova, Maria and Tijmstra, Jesper and Molenaar, Dylan and De Boeck, Paul},
 year = {2017},
 title = {Conditional Dependence between Response Time and Accuracy: An Overview of its Possible Sources and Directions for Distinguishing between Them},
 pages = {202},
 volume = {8},
 number = {},
 journal = {Frontiers in Psychology}
}

@article{Bolsinova.2018,
 author = {Bolsinova, Maria and Tijmstra, Jesper},
 year = {2018},
 title = {Improving precision of ability estimation: Getting more from response times},
 pages = {13--38},
 volume = {71},
 number = {},
 journal = {British Journal of Mathematical and Statistical Psychology}
}

@techreport{Bridgeman.2003,
 author = {Bridgeman, Brent and Trapani, Catherine and Curley, Edward},
 year = {2003},
 title = {Effect of Fewer Questions per Section on SAT I Scores},
 editor = {{Collge~Board}},
 type = {Research Report 2003-2},
 institution = {College Board},
 adress = {},
}

@article{Bridgeman.2004GRE,
 author = {Bridgman, Brent and Cline, Frederick and Hessinger, James},
 year = {2004},
 title = {Effect of Extra Time on Verbal and Quantitative {GRE} Scores},
 pages = {25--37},
 volume = {17},
 number = {1},
 journal = {Applied Measurement in Education}
}

@article{Bridgeman.2004SAT,
 author = {Bridgman, Brent and Trapani, Catherine and Curley, Edward},
 year = {2004},
 title = {Impact of Fewer Questions per Section on {SAT I} Scores},
 pages = {291--310},
 volume = {41},
 number = {4},
 journal = {Journal of Educational Measurement}
}

@book{Brown.2006,
 author = {Brown, Timothy A.},
 year = {2006},
 title = {Confirmatory Factor Analysis for Applied Reserach},
 address = {New York, NY},
 publisher = {Guilford Press}
}

@article{Buerger.2016,
 author = {B{\"u}rger, Sarah and Kr{\"o}hne, Ulf and Goldhammer, Frank},
 year = {2016},
 title = {The Transition to computer-based Testing in large-scale Assessments: Investigating (partial) measurement invariance between Modes},
 pages = {597--616},
 volume = {58},
 number = {4},
 journal = {Psychological Test and Assessment Modeling}
}

@book{deAyala.2009,
 author = {de Ayala, Rafael Jaime},
 year = {2009},
 title = {The Theory and Practice of Item Response Theory},
 address = {New York, NY},
 publisher = {Guilford Press}
}

@article{Debeer.2017,
 author = {Debeer, Dries and Ali, Usama S. and van Rijn, Peter W.},
 year = {2017},
 title = {Evaluating Statistical Targets for Assembling Parallel Mixed-Format Test Forms},
 pages = {218--242},
 volume = {54},
 number = {2},
 journal = {Journal of Educational Measurement}
}

@article{Debelak.2014,
 author = {Debelak, Rudolf},
 year = {2014},
 title = {On gender differences in mental rotation processing speed},
 pages = {8--17},
 volume = {29},
 number = {},
 journal = {Learning and Individual Differences}
}

@techreport{Donoghue.2015,
 author = {Donoghue, John R.},
 year = {2015},
 title = {Comparison of Integer Programming ({IP}) Solvers for Automated Test Assembly ({ATA})},
 editor = {{Educational~Testing~Service}},
 type = {Research Report 15-05},
 institution = {Educational Testing Service},
 adress = {Princeton, NJ},
}

@techreport{ETS.2010,
 author = {ETS},
 year = {2010},
 title = {{TOEFL} i{BT} Test Framework and Test Development},
 editor = {Educational {T}esting {S}ervice},
 type = {{TOEFL} i{BT} Research Insight Series 1, Volume 1},
 institution = {Educational {T}esting {S}ervice},
 adress = {Princeton, NJ},
}

@article{Fan.2012,
 author = {Fan, Zhewen and Wang, Chun and Chang, Hua-Hua and Douglas, Jeffrey},
 year = {2012},
 title = {Utilizing Response Time Distributions for Item Selection in {CAT}},
 pages = {655--670},
 volume = {37},
 number = {5},
 journal = {Journal of Educational and Behavioral Statistics}
}

@article{Finch.2008,
 author = {Finch, Holmes},
 year = {2008},
 title = {Estimation of {I}tem {R}esponse {T}heory Parameters in the Presence of Missing Data},
 pages = {225--245},
 volume = {45},
 number = {3},
 journal = {Journal of Educational Measurement}
}

@article{Fox.2007,
 author = {Fox, Jean-Paul and Klein Entink, Rinke and van der Linden, Wim},
 year = {2007},
 title = {Modeling of Responses and Response Times with the Package cirt},
 pages = {1--14},
 volume = {20},
 number = {7},
 journal = {Journal of Statistical Software}
}

@book{Fox.2010,
 author = {Fox, Jean-Paul},
 year = {2010},
 title = {Bayesian Item Response Modeling: Theory and Applications},
 address = {New York, NY},
 publisher = {Springer}
}

@article{Fox.2016,
 author = {Fox, Jean-Paul and Marianti, Sukaesi},
 year = {2016},
 title = {Joint Modeling of Ability and Differential Speed Using Responses and Response Times},
 pages = {540--553},
 volume = {51},
 number = {4},
 journal = {Multivariate Behavioral Reserach}
}

@article{Fox.2017,
 author = {Fox, Jean-Paul and Marianti, Sukaesi},
 year = {2017},
 title = {Person-Fit Statistics for Joint Models for Accuracy and Speed},
 pages = {243--262},
 volume = {54},
 number = {2},
 journal = {Journal of Educational Measurement}
}

@misc{Fox.2017LNIRT,
 author = {Fox, Jean-Paul and Klein Entink, Rinke and Klotzke, Konrad},
 year = {2017},
 title = {{LNIRT}: LogNormal Response Time Item Response Theory Models. {R} package version 1.995-0},
 url = {https://cran.r-project.org/web/packages/LNIRT/index.html}
}

@article{Goldhammer.2011,
 author = {Goldhammer, Frank and Klein Entink, Rinke H.},
 year = {2011},
 title = {Speed of Reasoning and its relation to reasoning ability},
 pages = {108--119},
 volume = {39},
 number = {},
 journal = {Intelligence}
}

@article{Goldhammer.2015,
 author = {Goldhammer, Frank},
 year = {2015},
 title = {Measuring Ability, Speed, or both? Challenges, Psychometric Solutions, and What can be Gained from Experimental Control},
 pages = {133--164},
 volume = {13},
 number = {},
 journal = {Measurement: Interdisciplinary Research and Perspectives}
}

@article{Goldhammer.2017,
 author = {Goldhammer, Frank and Steinwacher, Merle A. and Kroehen, Ulf and Naumann, Johannes},
 year = {2017},
 title = {Modelling individual response time effects between and within experimental speed conditions: A {GLMM} approach for speeded tests},
 pages = {238--256},
 volume = {70},
 number = {},
 journal = {British Journal of Mathematical and Statistical Psychology}
}

@incollection{Gonzalez.2010,
 author = {Gonzalez, Eugenio and Rutkowski, Leslie},
 year = {2010},
 title = {Principles of multiple matrix booklet design and parameter recovery in large-scale assessments},
 booktitle = {{IERI} Monograph Series: Issues and Methodologies in Large-Scalse Assessments: Volume 3},
 editor = {von Davier, Matthias and Hastedt, Dirk},
 type = {},
 publisher = {{IEA-ETS} Research Institute},
 adress = {Hamburg, Germany},
 pages = {125--156}
}

@article{Harik.2018,
 author = {Harik, Polina and Clauser, Brian E. and Grabovsky, Irina and Baldwin, Peter and Margolis, Melissa. J. and Bucak, Deniz and Jodoin, Michael and Walsh, William and Haist, Steven},
 year = {2018},
 title = {A Comparison of Experimental and Observational Approaches to Assessing the Effects of Time Constraints in a Medical Licensing Examination},
 pages = {308--327},
 volume = {55},
 number = {2},
 journal = {Journal of Educational Measurement}
}

@article{Hecht.2017,
 author = {Hecht, Martin and Siegle, Thilo and Weirich, Sebastian},
 year = {2017},
 title = {A Model for the Estimation of Testlet Response Time to optimize Test Assembly in Paper-and-Pencil Large-Scale Assessments},
 pages = {32--51},
 volume = {9},
 number = {},
 journal = {Journal of Educational Research Online}
}

@misc{johnson.1994,
  title={Lognormal distributions, continuous univariate distributions (Vol. 1)},
  author={Johnson Norman, L and Kotz, Samuel and Balakrishnan, N},
  year={1994},
  publisher={Wiley Series in Probability and Mathematical Statistics: Applied Probability}
}

@article{Kingston.2009,
 author = {Kingston, Neal M.},
 year = {2009},
 title = {Comparability of Computer- and Paper-Administered Multiple-Choice Tests for K-12 Populations, A Synthesis},
 pages = {22--37},
 volume = {22},
 number = {},
 journal = {Applied Measurement in Education}
}

@article{KleinEntink.2009,
 author = {Klein Entink, Rinke H. and Fox, Jean-Paul and van der Linden, Wim J.},
 year = {2009},
 title = {A Multivariate Multilevel Approach to the Modeling of Accuracy and Speed of Test Takers},
 pages = {21-48},
 volume = {74},
 number = {1},
 journal = {Psychometrika}
}

@article{KleinEntink.2009CDM,
 author = {Klein Entink, Rinke H. and Kuhn, Jrg-Tobias and Hornke, Lutz F. and Fox, Jean-Paul},
 year = {2009},
 title = {Evaluating Cognitive Theory: A Joint Modeling Approach Using Responses and Response Times},
 pages = {54--75},
 volume = {14},
 number = {1},
 journal = {Psychological Methods}
}

@book{Kline.2011,
 author = {Kline, Rex B.},
 year = {2011},
 title = {Principles and Practice of Structural Equation Modeling},
 address = {New York, NY},
 publisher = {Guilford Press}
}

@article{Kocaj.2016,
 author = {Kocaj, Aleksander and Haag, Nicole and Weirich, Sebastian and Kuhl, Poldi and Pant, Hans Anand and Stanat, Petra},
 year = {2016},
 title = {Aspekte der {T}estg{\"u}te bei der {E}rfassung schulischer {K}ompetenzen von {S}ch{\"u}lerinnen und {S}ch{\"u}lern mit sonderp{\"a}dagogischem {F}{\"o}rderbedarf},
 pages = {212--233},
 volume = {62},
 number = {},
 journal = {Zeitschrift f{\"u}r P{\"a}dagogik}
}

@article{Kroehne.2011,
 author = {Kr{\"o}hne, Ulf and Martens, Thomas},
 year = {2011},
 title = {Computer-based Competence Tests in the National Educational Panel Study: The Challenge of Mode Effects},
 pages = {169--186},
 volume = {14},
 number = {},
 journal = {Zeitschrift f{\"u}r Erziehungswissenschaften}
}

@article{Leeson.2006,
 author = {Leeson, Heidi V.},
 year = {2006},
 title = {The Mode Effect: A Literature Review of Human and Technological Issues in Computerized Testing},
 pages = {1--24},
 volume = {6},
 number = {1},
 journal = {International Journal of Testing}
}

@article{Lovett.2010,
 author = {Lovett, Benjamin J.},
 year = {2010},
 title = {Extended Time Testing Accommodations for Students with Disabilities: Answers to Five Fundamental Questions},
 pages = {611--638},
 volume = {80},
 number = {4},
 journal = {Review of Educational Research}
}

@techreport{Luecht.2011,
 author = {Luecht, Richard M. and Sireci, Stephen G.},
 year = {2011},
 title = {A Review of Models for Computer-Based Testing},
 editor = {{Collge~Board}},
 type = {Research Report 2011-12},
 institution = {College Board},
 adress = {},
}

@article{Mislevy.1992,
 author = {Mislevy, Robert J. and Beaton, Alber E. and Kaplan, Bruce and Sheehan, Kathleen M.},
 year = {1992},
 title = {Estimating Population Characteristics From Sparse Matrix Samples of Item Responses},
 pages = {133--161},
 volume = {29},
 number = {2},
 journal = {Journal of Educational Measurement}
}

@article{Molenaar.2015,
 author = {Molenaar, Dylan and Tuerlinckx, Francis and van der Maas, Han L. J.},
 year = {2015},
 title = {A generalized linear factor model approach to the hierarchical framework for responses and response times},
 pages = {197--219},
 volume = {68},
 number = {},
 journal = {British Journal of Mathematical and Statistical Psychology}
}

@article{Molenaar.2015.gLIRT,
 author = {Molenaar, Dylan and Tuerlinckx, Francis and van der Maas, Han L. J.},
 year = {2015},
 title = {A bivariate generalized linear item response theory modeling framework to the analysis of responses and response times},
 pages = {56--74},
 volume = {50},
 number = {1},
 journal = {Multivariate Behavioral Research}
}


@article{Molenaar.2016,
 author = {Molenaar, Dylan and Oberski, Daniel and Vermunt, Jeroen and De Boeck, Paul},
 year = {2016},
 title = {Hidden Markov Item Response Theory Models for Responses and Response Times},
 pages = {606--626},
 volume = {51},
 number = {5},
 journal = {Multivariate Behavioral Research}
}

@article{Noyes.2008,
 author = {Noyes, Jan M. and Garland, Kate J.},
 year = {2008},
 title = {Computer- vs. paper-based tasks: Are they equivalent?},
 pages = {1352--1375},
 volume = {51},
 number = {9},
 journal = {Ergonomics}
}

@article{Partchev.2011,
 author = {Partchev, Ivailo and De Boeck, Paul and Steyer, Rolf},
 year = {2011},
 title = {How Much Power and Speed is Measured in This Test},
 pages = {242--252},
 volume = {20},
 number = {2},
 journal = {Assessment}
}

@techreport{PIAAC.2013,
 author = {OECD},
 year = {2013},
 title = {Technical Report of the Survey of Adult Skills {PIAAC} (Second Edition)},
 editor = {},
 type = {},
 institution = {{OECD} Publishing},
 adress = {Paris, France},
}

@techreport{PISA.2015,
 author = {OECD},
 year = {2016},
 title = {{PISA} 2015 assessment and analytical framework},
 editor = {},
 type = {},
 institution = {{OECD} Publishing},
 adress = {Paris, France},
}

@techreport{PISA.2015tech,
 author = {OECD},
 year = {2016},
 title = {{PISA} 2015 {T}echnical {R}eport},
 editor = {},
 type = {PISA 2015 Technical Report},
 institution = {{OECD} Publishing},
 adress = {Paris, France},
}

@techreport{PISA.2015results,
 author = {OECD},
 year = {2016},
 title = {{PISA} 2015 {R}esults ({V}olume {I}): {E}xcellence and {E}quity in {E}ducation},
 editor = {},
 type = {{PISA} 2015 technical background},
 institution = {{OECD} Publishing},
 adress = {Paris, France},
}

@Manual{Plummer.jags,
    author = {Martyn Plummer},
    title = {{JAGS}: A program for analysis of Bayesian graphical models using Gibbs sampling},
    year = {2003}
}

@Manual{Plummer.rjags,
	title = {rjags: Bayesian Graphical Models using MCMC},
	author = {Martyn Plummer},
	year = {2016},
	note = {R package version 4-6},
	url = {https://CRAN.R-project.org/package=rjags},
}

@article{Pohl.2013,
 author = {Pohl, Steffi and Carstensen, Claus H.},
 year = {2013},
 title = {Scaling of Competence Tests in the National Educational Panel Study - Many questions, some answers and further challanges},
 pages = {189--216},
 volume = {5},
 number = {2},
 journal = {Journal for Educational Research Online}
}

@Manual{R,
    title = {R: A Language and Environment for Statistical Computing},
    author = {{R Core Team}},
    organization = {R Foundation for Statistical Computing},
    address = {Vienna, Austria},
    year = {2018},
    url = {http://www.R-project.org},
  }

@article{Ranger.2012,
 author = {Ranger, Jochen and Ortner, Tuulia},
 year = {2012},
 title = {The case of dependency of responses and response times: A Modeling approach based on standard latent trait models},
 pages = {128--148},
 volume = {54},
 number = {2},
 journal = {Psychological Test and Assessment Modeling}
}

@article{Ranger.2012b,
 author = {Ranger, Jochen and Ortner, Tuulia},
 year = {2012},
 title = {A latent trait model for response times on tests emplyoing the proportional hazard model},
 pages = {334--349},
 volume = {65},
 number = {},
 journal = {British Journal of Mathematical and Statistical Psychology}
}

@Manual{Robitzsch.TAM,
 title = {TAM: Test analysis modules},
 author = {Alexander Robitzsch and Thomas Kiefer and Margaret Wu},
 year = {2017},
 note = {R package version 2.8-21},
 url = {https://CRAN.R-project.org/package=TAM},
}


@article{Robitzsch.2017,
 author = {Robitzsch, Alexander and L{\"u}dtke, Oliver and K{\"o}ller, Olaf and Kr{\"o}hne, Ulf and Goldhammer, Frank and Heine, J{\"o}rg-Henrik},
 year = {2017},
 title = {Herausforderungen bei der Sch{\"a}tzung von Trends in Schulleistungsstudien},
 pages = {148--165},
 volume = {63},
 number = {2},
 journal = {Diagnostika}
}

@article{Russel.2003,
 author = {Russell, Michael and Goldberg, Amie and O'Conner, Kathleen},
 year = {2003},
 title = {Computer-Based Testing and Validity: A Look Back into the Future},
 pages = {279--293},
 volume = {10},
 number = {3},
 journal = {Assessment in Education}
}

@techreport{SAT.2016,
 author = {{College Board}},
 year = {2016},
 title = {Test Specifications for the Redesigned {SAT}},
 editor = {College Board},
 type = {},
 institution = {College Board},
 adress = {},
}

@article{Scherer.2015,
 author = {Scherer, Ronny and Greiff, Samuel and Hautam{\"a}ki, Jarkko},
 year = {2015},
 title = {Exploring the Relation between Time on Task and Ability in Complex Problem Solving},
 pages = {37--50},
 volume = {48},
 number = {},
 journal = {Intelligence}
}

@article{Spiegelhalter.2002,
 author = {Spiegelhalter, David J. and Best, Nicola G. and Carlin, Bradley P. and van der Linde, Angelika},
 year = {2002},
 title = {Bayesian Measures of Model Complexity and Fit},
 pages = {583--639},
 volume = {64},
 number = {4},
 journal = {Journal of the Royal Statistical Society}
}

@article{Tijmstra.2018,
 author = {Tijmstra, Jesper and Bolsinova, Maria},
 year = {2018},
 title = {On the Importance of the Speed-Ability Trade-Off When Dealing with not reached Items},
 pages = {},
 volume = {9},
 number = {964},
 journal = {Frontiers in Psychology}
}

@article{vanderLinden.1998,
 author = {van der Linden, Wim J.},
 year = {1998},
 title = {Optimal Assembly of Psychological and Educational Tests},
 pages = {195--211},
 volume = {22},
 number = {3},
 journal = {Applied Psychological Measurement}
}


@book{vanderLinden.2005,
 author = {van der Linden, Wim J.},
 year = {2005},
 title = {Linear models for optimal test assembly},
 address = {New York, NY},
 publisher = {Springer}
}


@article{vanderLinden.2006,
 author = {van der Linden, Wim J.},
 year = {2006},
 title = {A lognormal Model for Response Times on Test Items},
 pages = {181--204},
 volume = {31},
 number = {2},
 journal = {Journal of Educational and Behavioral Statistics}
}

@article{vanderLinden.2007,
 author = {van der Linden, Wim J.},
 year = {2007},
 title = {A Hierarchical Framework for Modeling Speed and Accuracy on Test Items},
 pages = {287--308},
 volume = {72},
 number = {3},
 journal = {Psychometrika}
}

@article{vanderLinden.2009,
 author = {van der Linden, Wim J.},
 year = {2009},
 title = {Conceptual Issues in Response-Time Modeling},
 pages = {247--272},
 volume = {46},
 number = {3},
 journal = {Journal of Educational Measurement}
}

@article{vanderLinden.2010,
 author = {van der Linden, Wim J. and Klein Entink, Rinke H. and Fox, Jean-Paul},
 year = {2010},
 title = {{IRT} Parameter Estimation with Response Times as Collateral Information},
 pages = {327--347},
 volume = {34},
 number = {5},
 journal = {Applied Psychological Measurement}
}

@article{vanderLinden.2011RToverview,
 author = {van der Linden, Wim J.},
 year = {2011},
 title = {Modeling Response Times with Latent Variables: Principles and Applications},
 pages = {334--358},
 volume = {53},
 number = {3},
 journal = {Psychological Test and Assessment Modeling}
}

@article{vanderLinden.2011reparamet,
 author = {van der Linden, Wim J.},
 year = {2011},
 title = {Setting Time Limits on Tests},
 pages = {183--199},
 volume = {35},
 number = {3},
 journal = {Applied Psychological Measurement}
}

@article{vanderLinden.2011ATA,
 author = {van der Linden, Wim J.},
 year = {2011},
 title = {Test Design and Speededness},
 pages = {44--60},
 volume = {48},
 number = {1},
 journal = {Journal of Educational Measurement}
}

@article{vanderLinden.2013,
 author = {van der Linden, Wim J. and Xiong, Xinhui},
 year = {2013},
 title = {Speededness and Adaptive Testing},
 pages = {418--438},
 volume = {38},
 number = {4},
 journal = {Journal of Educational and Behavioral Statistics}
}

@techreport{Veldkamp.2015,
 author = {Veldkamp, Bernard P. and Avetisyan, Marianna},
 year = {2015},
 title = {Stochastic Programming for Individualized Test Assembly with Mixture Response Time Models},
 editor = {{Law~School~Admissions~Council}},
 type = {Research Report 15-01},
 institution = {Law School Admission Council},
 adress = {},
}

@article{Veldkamp.2016,
 author = {Veldkamp, Bernard P.},
 year = {2016},
 title = {On the Issue of Item Selection in Computerized Adaptive Testing with Response Times},
 pages = {212--228},
 volume = {53},
 number = {2},
 journal = {Journal of Educational Measurement}
}

@article{Veldkamp.2017,
 author = {Veldkamp, Bernard P. and Avetisyan, Marianna and Weissmann, Alexander and Fox, Jean-Paul},
 year = {2017},
 title = {Stochastic Programming for Individualized Test Assembly with Mixture Response Time Models},
 pages = {--},
 volume = {},
 number = {},
 journal = {Computers in Human Behavior}
}

@article{Warm.1989,
 author = {Warm, Thomas},
 year = {1989},
 title = {Weighted Likelihood Estimation of Ability in Item Response Theory},
 pages = {427--450},
 volume = {54},
 number = {3},
 journal = {Psychometrika}
}

@misc{UNESCO,
 author = {UNESCO},
 year = {2018},
 title = {Glossary},
 url = {http://uis.unesco.org/en/glossary-term/high-stake-assessment}
}
